@article{barbolininivexc,
  title={NIVEXC: an electronic snow-pole for real-time monitoring of avalanche starting zones},
  author={Barbolini, Massimiliano and Baudone, Matteo and Ferro, Francesco and Ricchetti, Laura and Stefanini, Francesco},
  year={2013}
}

@article{beria_larsen_ceperley_michelon_vennemann_schaefli_2017, 
title={Understanding snow hydrological processes through the lens of stable water isotopes}, 
author={Beria, Harsh R. and Larsen, Joshua C. and Ceperley, Natalie undefined and Michelon, Anthony undefined and Vennemann, Torsten undefined and Schaefli, Bettina undefined}, 
year={2017}, 
month={Jul}}

@article{conway_benedict_1994, 
title={Infiltration of water into snow}, 
volume={30}, 
number={3}, 
journal={Water Resources Research}, 
author={Conway, H. and Benedict, R.}, 
year={1994}, 
pages={641–649}}

@article{dansgaard_1964,
title={Stable isotopes in precipitation}, 
volume={16}, 
number={4}, 
journal={Tellus}, 
author={Dansgaard, W.},
year={1964}, 
pages={436–468}}

@article{friedman1991isotopic,
  title={Isotopic changes during snow metamorphism},
  author={Friedman, I},
  journal={Stable isotope geochemistry: a tribute to Samuel Epstein},
  year={1991},
  publisher={The Geochemical Society}
}

@article{gustafson2010estimating,
  title={Estimating snow sublimation using natural chemical and isotopic tracers across a gradient of solar radiation},
  author={Gustafson, Joseph R and Brooks, PD and Molotch, NP and Veatch, WC},
  journal={Water Resources Research},
  volume={46},
  number={12},
  year={2010},
  publisher={Wiley Online Library}
}

@article{hood_williams_cline_1999, 
title={Sublimation from a seasonal snowpack at a continental, 
mid-latitude alpine site}, 
volume={13}, 
number={12-13}, 
journal={Hydrological Processes}, 
author={Hood, Eran and Williams, Mark and Cline, Don}, 
year={1999}, 
pages={1781–1797}}

@inproceedings{ingolfsson2008sm4,
  title={The SM4 snowpack temperature and snow depth sensor},
  author={Ing{\'o}lfsson, {\"O}rn and Gr{\'\i}msd{\'o}ttir, Harpa},
  booktitle={Proceedings Whistler 2008 International Snow Science Workshop September 21-27, 2008},
  pages={808},
  year={2008}
}

@article{kattelmann_elder_1991, 
title={Hydrologic characteristics and water balance of an Alpine Basin in the Sierra Nevada}, 
volume={27}, 
number={7}, 
journal={Water Resources Research}, 
author={Kattelmann, Richard and Elder, Kelly}, 
year={1991}, 
pages={1553–1562}}

@article{leen_berman_liebson_gupta_2012, 
title={Spectral contaminant identifier for off-axis integrated cavity output spectroscopy measurements of liquid water isotopes}, 
volume={83}, 
number={4}, 
journal={Review of Scientific Instruments}, 
author={Leen, J. Brian and Berman, Elena S. F. and Liebson, Lindsay and Gupta, Manish}, 
year={2012}, 
pages={044305}}

@article{marks_dozier_1992, 
title={Climate and energy exchange at the snow surface in the Alpine Region of the Sierra Nevada: 2. Snow cover energy balance}, 
volume={28}, 
number={11}, 
journal={Water Resources Research}, 
author={Marks, Danny and Dozier, Jeff}, 
year={1992}, 
pages={3043–3054}}

@book{mcclung_schaerer_2009,
place={Seattle, WA},
title={The avalanche handbook}, 
publisher={Mountaineers Books}, 
author={McClung, David and Schaerer, Peter A.}, 
year={2009}}

@article{molotch_brooks_burns_litvak_monson_mcconnell_musselman_2009, 
title={Ecohydrological controls on snowmelt partitioning in mixed-conifer sub-alpine forests}, 
volume={2}, 
number={2}, 
journal={Ecohydrology}, 
author={Molotch, Noah P. and Brooks, Paul D. and Burns, Sean P. and Litvak, Marcy and Monson, Russell K. and Mcconnell, 
Joseph R. and Musselman, Keith}, 
year={2009}, 
pages={129–142}}

@article{sommerfeld_friedman_nilles_1987, 
title={The Fractionation of Natural Isotopes During Temperature Gradient Metamorphism of Snow}, 
journal={Seasonal Snowcovers: Physics, Chemistry, Hydrology}, 
author={Sommerfeld, Richard A. and Friedman, Irving and Nilles, Mark}, 
year={1987}, 
pages={95–105}}

@article{stichler_1987, 
title={Snowcover and Snowmelt Processes Studied by Means of Environmental Isotopes}, 
journal={Seasonal Snowcovers: Physics, Chemistry, Hydrology}, 
author={Stichler, W.}, 
year={1987}, 
pages={673–726}}

@article{taylor_feng_kirchner_osterhuber_klaue_renshaw_2001, title={Isotopic evolution of a seasonal snowpack and its melt}, 
volume={37}, 
number={3}, 
journal={Water Resources Research}, 
author={Taylor, Susan and Feng, Xiahong and Kirchner, James W. and Osterhuber, Randall and Klaue, Björn and Renshaw, Carl E.}, 
year={2001}, 
pages={759–769}}

@article{sommerfeld_1970,
  title={The classification of snow metamorphism},
  author={Sommerfeld, RA and LaChapelle, E},
  journal={Journal of Glaciology},
  volume={9},
  number={55},
  pages={3--18},
  year={1970},
  publisher={Cambridge University Press}
}

@article{akitaya_1967,
  title={Some experiments on the growth of depth hoar},
  author={Akitaya, Eiji},
  journal={Physics of Snow and Ice: proceedings= 雪氷の物理学: 論文集},
  volume={1},
  number={2},
  pages={713--723},
  year={1967},
  publisher={Institute of Low Temperature Science, Hokkaido University}
}